@book{ethics,
  title={{Ethics for the information age}},
  author={M. Quinn},
  isbn={978-0-13-374162-9},
  url={https://staff.emu.edu.tr/mobinabeheshti/documents/courses/itec%20317/book-ethics%20for%20the%20information%20age.pdf#165},
  year={2015},
  publisher={Addison-Wesley},
  address = {USA}
}

@book {p1,
  title={Programiranje 1},
  author={{Predrag Janičić} {,} {Flip Marić}},
  isbn={978-86-7589-100-0},
  url={http://poincare.matf.bg.ac.rs/~janicic//books/p1a4.pdf},
  year={2015},
  publisher={Matematički Fakultet},
  address = {Srbija}
}

@book {p2,
  title={{Programiranje 2}},
  author={{Predrag Janičić} {,} {Flip Marić}},
  isbn={978-86-7589-100-0},
  url={http://poincare.matf.bg.ac.rs/~janicic//courses/p2-a4.pdf},
  year={2018},
  publisher={Matematički Fakultet},
  address = {Srbija}
}

@misc {apple,
    author = {Apple},
    title = {LICENSED APPLICATION END USER LICENSE AGREEMENT},
    howpublished = {\url{https://www.apple.com/legal/internet-services/itunes/dev/stdeula/}},
    note = "Accessed April 2, 2019"
}

@misc {opensource,
    author = {Open Source Initiative},
    title = {The Open Source Definition},
    howpublished = {\url{https://opensource.org/osd}},
    note = "Accessed April 2, 2019"
}

@misc{rollingstone,
    author = {RollingStone},
    title = {Songs on Trial: 12 Landmark Music Copyright Cases},
    howpublished = {\url{https://www.rollingstone.com/politics/politics-lists/songs-on-trial-12-landmark-music-copyright-cases-166396/vanilla-ice-vs-queen-and-david-bowie-1990-61441/}}
}

@misc{texasUniv,
    author = "{University of Texas at Arlington{,} Office of Technology Transfer}",
    title = "Intellectual Properties",
    howpublished = {\url{http://www.uta.edu/tto/ip-defs.htm}},
    note = "Accessed March 27, 2019"
}

@misc{copyleft,
    author = {Copyleft.org},
    howpublished = {\url{https://www.copyleft.org/}},
    note = "Accessed April 2, 2019"
}

@article{patents,
    author = {Iain M. Cockburn, Stefan Wagner},
    citeulike-article-id = {13146},
    journal = {NATIONAL BUREAU OF ECONOMIC RESEARCH},
    pages = {34},
    posted-at = {June 2007},
    title = {{PATENTS AND THE SURVIVAL OF INTERNET-RELATED IPOS}},
    year = {2007}
}

